<record><leader>00000cas a2200000 a 4500</leader><controlfield tag="001">11195684</controlfield><controlfield tag="008">840925d18711876kyudn ne      0    0eng d</controlfield><controlfield tag="009">3781</controlfield><datafield ind1=" " ind2=" " tag="010"><subfield code="a">sn 84027469 </subfield></datafield><datafield ind1=" " ind2=" " tag="040"><subfield code="a">NPU</subfield><subfield code="b">eng</subfield><subfield code="c">NPU</subfield><subfield code="d">NPX</subfield><subfield code="d">KNP</subfield><subfield code="d">OCL</subfield><subfield code="d">OCLCQ</subfield></datafield><datafield ind1="1" ind2=" " tag="029"><subfield code="a">AU@</subfield><subfield code="b">000020340166</subfield></datafield><datafield ind1=" " ind2=" " tag="042"><subfield code="a">msc</subfield></datafield><datafield ind1="0" ind2="0" tag="245"><subfield code="a">Louisville daily ledger.</subfield></datafield><datafield ind1="1" ind2="3" tag="246"><subfield code="a">Ledger</subfield></datafield><datafield ind1="1" ind2="7" tag="246"><subfield code="a">Evening ledger</subfield></datafield><datafield ind1=" " ind2=" " tag="260"><subfield code="a">Louisville, Ky. :</subfield><subfield code="b">Louisville Ledger Print. Co.,</subfield><subfield code="c">1871-</subfield></datafield><datafield ind1=" " ind2=" " tag="300"><subfield code="a">v. :</subfield><subfield code="b">ill.</subfield></datafield><datafield ind1=" " ind2=" " tag="310"><subfield code="a">Daily (except Sun.)</subfield></datafield><datafield ind1="0" ind2=" " tag="362"><subfield code="a">Vol. 1, no. 1 (Feb. 16, 1871)-</subfield></datafield><datafield ind1="1" ind2=" " tag="362"><subfield code="a">Ceased with Apr. 26, 1876 issue.</subfield><subfield code="z">Cf. Hist. of the Ohio Falls cities and their counties, 1882.</subfield></datafield><datafield ind1=" " ind2=" " tag="500"><subfield code="a">Recorded in reference source as: Ledger. Cf. Steiger, E. Periodical lit. of the U.S. (1979 ed.).</subfield></datafield><datafield ind1=" " ind2=" " tag="500"><subfield code="a">Publishers: Louisville Ledger Print. Co., &lt;1871&gt;; L.G. Matthews, &lt;1872&gt;; W.P.D. Bush &amp; Co., &lt;1873&gt;, &lt;1875&gt;-1876; Louisville Ledger Co., &lt;1874&gt;.</subfield></datafield><datafield ind1=" " ind2=" " tag="500"><subfield code="a">Democratic. Cf. Rowell, 1871.</subfield></datafield><datafield ind1=" " ind2=" " tag="500"><subfield code="a">Editor: James A. Dawson, 1871-1875.</subfield></datafield><datafield ind1=" " ind2="4" tag="651"><subfield code="a">Jefferson County (Ky.)</subfield><subfield code="v">Newspapers.</subfield></datafield><datafield ind1=" " ind2="4" tag="651"><subfield code="a">Louisville (Ky.)</subfield><subfield code="v">Newspapers.</subfield></datafield><datafield ind1=" " ind2=" " tag="752"><subfield code="a">United States</subfield><subfield code="b">Kentucky</subfield><subfield code="c">Jefferson</subfield><subfield code="d">Louisville.</subfield></datafield><datafield ind1="0" ind2=" " tag="775"><subfield code="t">Louisville weekly ledger</subfield><subfield code="w">(DLC)sn 84027468</subfield></datafield></record>